<record><leader>00000cas a22000007a 4500</leader><controlfield tag="001">15669147</controlfield><controlfield tag="008">870511d18641865iauwr ne      0    0eng d</controlfield><datafield ind1=" " ind2=" " tag="010"><subfield code="a">sn 87058207 </subfield></datafield><datafield ind1=" " ind2=" " tag="040"><subfield code="a">INP</subfield><subfield code="b">eng</subfield><subfield code="c">INP</subfield><subfield code="d">OCLCQ</subfield></datafield><datafield ind1=" " ind2=" " tag="042"><subfield code="a">msc</subfield></datafield><datafield ind1="0" ind2=" " tag="130"><subfield code="a">Weekly courier (Muscatine, Iowa)</subfield></datafield><datafield ind1="1" ind2="4" tag="245"><subfield code="a">The weekly courier.</subfield></datafield><datafield ind1=" " ind2=" " tag="260"><subfield code="a">Muscatine, Iowa :</subfield><subfield code="b">Edward H. Thayer</subfield></datafield><datafield ind1=" " ind2=" " tag="300"><subfield code="a">v.</subfield></datafield><datafield ind1=" " ind2=" " tag="310"><subfield code="a">Weekly</subfield></datafield><datafield ind1="1" ind2=" " tag="362"><subfield code="a">Began between Nov. 11 and Dec. 30, 1864; ceased between Oct. 20 and Nov. 10, 1865.</subfield></datafield><datafield ind1=" " ind2=" " tag="588"><subfield code="a">Description based on: Vol. 4, no. 1 (Dec. 30, 1864).</subfield></datafield><datafield ind1=" " ind2=" " tag="752"><subfield code="a">United States</subfield><subfield code="b">Iowa</subfield><subfield code="c">Muscatine</subfield><subfield code="d">Muscatine.</subfield></datafield><datafield ind1="0" ind2=" " tag="775"><subfield code="t">Muscatine daily courier</subfield><subfield code="w">(DLC)sn 87058213</subfield><subfield code="g">&lt;Dec. 30, 1864-Oct. 20, 1865&gt;</subfield></datafield><datafield ind1="0" ind2="0" tag="780"><subfield code="t">Courier (Muscatine, Iowa)</subfield><subfield code="w">(DLC)sn 87058206</subfield></datafield><datafield ind1="0" ind2="0" tag="785"><subfield code="t">Muscatine courier</subfield><subfield code="w">(DLC)sn 87058208</subfield></datafield></record>